% This file was created with JabRef 2.10.
% Encoding: Cp1252


@Misc{eclipse,
  Title                    = {What is Eclipse and the Eclipse Foundation?},

  Author                   = {Eclipse Foundation},
  Month                    = {Sept.},
  Year                     = {2017},

  Owner                    = {W},
  Timestamp                = {2017.09.19},
  Url                      = {http://www.eclipse.org/org/#about}
}

@Misc{unwrapj,
  Title                    = {UnwarpJ: An ImageJ plugin that performs a spline-based elastic registration of two images.},

  Author                   = {Biomedical Imaging Group},
  Month                    = {Sept.},
  Year                     = {2017},

  Owner                    = {W},
  Timestamp                = {2017.09.19},
  Url                      = {http://bigwww.epfl.ch/thevenaz/UnwarpJ/}
}

